<record><leader>00000cas a22000007a 4500</leader><controlfield tag="001">334196331</controlfield><controlfield tag="008">090521c20099999pauwr n       0   a0eng c</controlfield><datafield ind1=" " ind2=" " tag="010"><subfield code="a">  2009200798</subfield></datafield><datafield ind1=" " ind2=" " tag="040"><subfield code="a">NSD</subfield><subfield code="b">eng</subfield><subfield code="c">NSD</subfield><subfield code="d">DLC</subfield><subfield code="d">OCLCQ</subfield></datafield><datafield ind1=" " ind2=" " tag="012"><subfield code="l">1</subfield></datafield><datafield ind1="0" ind2=" " tag="022"><subfield code="a">1948-6588</subfield><subfield code="l">1948-6588</subfield><subfield code="2">1</subfield></datafield><datafield ind1=" " ind2=" " tag="037"><subfield code="b">On-Line Publishers Inc, 3912 Abel Drive, Columbia, PA 17512</subfield><subfield code="c">$39.00 (1 yr.)</subfield></datafield><datafield ind1=" " ind2=" " tag="042"><subfield code="a">pcc</subfield><subfield code="a">nsdp</subfield></datafield><datafield ind1="1" ind2="0" tag="050"><subfield code="a">ISSN RECORD</subfield></datafield><datafield ind1="1" ind2="0" tag="082"><subfield code="a">917</subfield><subfield code="2">14</subfield></datafield><datafield ind1=" " ind2="0" tag="222"><subfield code="a">Columbia register</subfield><subfield code="b">(Columbia, Pa.)</subfield></datafield><datafield ind1="0" ind2="0" tag="245"><subfield code="a">Columbia register.</subfield></datafield><datafield ind1="1" ind2="3" tag="246"><subfield code="a">Columbia register: your source for Columbia, Mount Joy, and Marietta area news</subfield></datafield><datafield ind1=" " ind2=" " tag="260"><subfield code="a">Columbia, PA :</subfield><subfield code="b">On-Line Publishers</subfield></datafield><datafield ind1=" " ind2=" " tag="310"><subfield code="a">Weekly</subfield></datafield><datafield ind1="1" ind2=" " tag="362"><subfield code="a">Began with: Vol. 1, no. 1 (May 21/27, 2009).</subfield></datafield><datafield ind1=" " ind2=" " tag="588"><subfield code="a">Description based on: Vol. 1, no. 1 (May 21/27, 2009); title from masthead.</subfield></datafield><datafield ind1=" " ind2=" " tag="588"><subfield code="a">Latest issue consulted: Vol. 1, no. 3 (May 28/ June 3, 2009).</subfield></datafield><datafield ind1=" " ind2=" " tag="752"><subfield code="a">United States</subfield><subfield code="b">Pennsylvania</subfield><subfield code="c">Columbia.</subfield></datafield><datafield ind1=" " ind2=" " tag="752"><subfield code="a">United States</subfield><subfield code="b">Pennsylvania</subfield><subfield code="c">Mount Joy.</subfield></datafield><datafield ind1=" " ind2=" " tag="752"><subfield code="a">United States</subfield><subfield code="b">Pennsylvania</subfield><subfield code="c">Marietta.</subfield></datafield><datafield ind1="0" ind2="8" tag="776"><subfield code="i">Online version:</subfield><subfield code="t">Columbia register</subfield></datafield><datafield ind1="4" ind2="1" tag="856"><subfield code="u">http://www.columbiaregister.com</subfield></datafield></record>